@book{ryser1963combinatorial,
  title={Combinatorial mathematics},
  author={Ryser, Herbert John},
  volume={14},
  series={The Carus Mathematical Monographs},
  year={1963},
  publisher={American Mathematical Soceity}
}
@article{burgissercompred,
	author = {BÃ¼rgisser, Peter},
	year = {2000},
	month = {01},
	pages = {},
	title = {Completeness and Reduction in Algebraic Complexity Theory},
	volume = {7},
	isbn = {978-3-642-08604-5},
	doi = {10.1007/978-3-662-04179-6}
}