@article{Valiant1979CompletenessCI,
  title={Completeness classes in algebra},
  author={Leslie G. Valiant},
  journal={Proceedings of the eleventh annual ACM symposium on Theory of computing},
  year={1979}
}
@inproceedings{Mahajan1997ACA,
	title={A combinatorial algorithm for the determinant},
	author={Meena Mahajan and V. Vinay},
	booktitle={ACM-SIAM Symposium on Discrete Algorithms},
	year={1997}
}
@book{completeburg,
	author = {Bürgisser, Peter},
	year = {1998},
	month = {08},
	pages = {},
	title = {Completeness and Reduction in Algebraic Complexity Theory},
	volume = {7},
	doi = {10.1007/978-3-662-04179-6_1},
	keywords = {book}
}
@article{ramsurvey,
	title={A survey of lower bounds in arithmetic circuit complexity},
	author={Ramprasad Saptharishi},
	url = {https://github.com/dasarpmar/lowerbounds-survey},
	year = 2021
}
@article{shpilkasurvey,
	author = {Shpilka, Amir and Yehudayoff, Amir},
	year = {2010},
	month = {01},
	pages = {207-388},
	title = {Arithmetic Circuits: A survey of recent results and open questions},
	volume = {5},
	journal = {Foundations and Trends in Theoretical Computer Science},
	doi = {10.1561/0400000039}
}
@book{burgalgcomp,
	author = {Bürgisser, Peter and Clausen, Michael and Shokrollahi, Amin},
	year = {1997},
	month = {01},
	pages = {},
	title = {Algebraic Complexity Theory},
	volume = {315},
	isbn = {978-3-642-08228-3},
	doi = {10.1007/978-3-662-03338-8}
}
@article{schwarzippel,
	author = {Schwartz, J. T.},
	title = {Fast Probabilistic Algorithms for Verification of Polynomial Identities},
	year = {1980},
	issue_date = {Oct. 1980},
	publisher = {Association for Computing Machinery},
	address = {New York, NY, USA},
	volume = {27},
	number = {4},
	issn = {0004-5411},
	url = {https://doi.org/10.1145/322217.322225},
	doi = {10.1145/322217.322225},
	journal = {J. ACM},
	pages = {701–717},
	numpages = {17}
}
@article{abpfactor,
	author = {Sinhababu, Amit and Thierauf, Thomas},
	year = {2021},
	month = {12},
	pages = {},
	title = {Factorization of Polynomials Given by Arithmetic Branching Programs},
	volume = {30},
	journal = {computational complexity},
	doi = {10.1007/s00037-021-00215-0}
}
@misc{chou2019closure,
	title={Closure of VP under taking factors: a short and simple proof}, 
	author={Chi-Ning Chou and Mrinal Kumar and Noam Solomon},
	year={2019},
	eprint={1903.02366},
	archivePrefix={arXiv},
	primaryClass={cs.CC}
}
@article{Kaltofen1989FactorizationOP,
	title={Factorization of Polynomials Given by Straight-Line Programs},
	author={Erich L. Kaltofen},
	journal={Adv. Comput. Res.},
	year={1989},
	volume={5},
	pages={375-412}
}
@inproceedings{kalhensel,
	author = {Kaltofen, E.},
	title = {Single-Factor Hensel Lifting and Its Application to the Straight-Line Complexity of Certain Polynomials},
	year = {1987},
	isbn = {0897912217},
	publisher = {Association for Computing Machinery},
	address = {New York, NY, USA},
	url = {https://doi.org/10.1145/28395.28443},
	doi = {10.1145/28395.28443},
	booktitle = {Proceedings of the Nineteenth Annual ACM Symposium on Theory of Computing},
	pages = {443–452},
	numpages = {10},
	location = {New York, New York, USA},
	series = {STOC '87}
}
@misc{dutta2017discovering,
	title={Discovering the roots: Uniform closure results for algebraic classes under factoring}, 
	author={Pranjal Dutta and Nitin Saxena and Amit Sinhababu},
	year={2017},
	eprint={1710.03214},
	archivePrefix={arXiv},
	primaryClass={cs.CC}
}
@article{KALTOFEN1985123,
	title = {Effective Hilbert irreducibility},
	journal = {Information and Control},
	volume = {66},
	number = {3},
	pages = {123-137},
	year = {1985},
	issn = {0019-9958},
	doi = {https://doi.org/10.1016/S0019-9958(85)80056-5},
	url = {https://www.sciencedirect.com/science/article/pii/S0019995885800565},
	author = {Erich Kaltofen},
	abstract = {In this paper we prove by entirely elementary means a very effective version of the Hilbert irreducibility theorem. We then apply our theorem to construct a probabilistic irreducibility test for sparse multivariate polynomials over arbitrary perfect fields. For the usual coefficient fields the test runs in polynomial time in the input size.}
}
@article{ramalgcomp2017,
	title={Algebra and Computation Lecture Notes, 2017},
	author={Ramprasad Saptharishi},
	url = {https://www.tifr.res.in/~ramprasad.saptharishi/assets/courses/2017-algComp/algComp_2017.pdf},
	year = 2017
}
@article{KALblackbox,
	title = {Computing with polynomials given byblack boxes for their evaluations: Greatest common divisors, factorization, separation of numerators and denominators},
	journal = {Journal of Symbolic Computation},
	volume = {9},
	number = {3},
	pages = {301-320},
	year = {1990},
	note = {Computational algebraic complexity editorial},
	issn = {0747-7171},
	doi = {https://doi.org/10.1016/S0747-7171(08)80015-6},
	url = {https://www.sciencedirect.com/science/article/pii/S0747717108800156},
	author = {Erich Kaltofen and Barry M. Trager}
}
@inproceedings{lowdegfact,
	author = {Oliveira, Rafael},
	title = {Factors of Low Individual Degree Polynomials},
	year = {2015},
	isbn = {9783939897811},
	publisher = {Schloss Dagstuhl--Leibniz-Zentrum fuer Informatik},
	address = {Dagstuhl, DEU},
	booktitle = {Proceedings of the 30th Conference on Computational Complexity},
	pages = {198–216},
	numpages = {19},
	keywords = {algebraic complexity, factoring, arithmetic circuits},
	location = {Portland, Oregon},
	series = {CCC '15}
}
@book{gathenalgebra,
	author = {Gathen, Joachim and Gerhard, Jürgen},
	year = {2003},
	month = {01},
	pages = {},
	title = {Modern computer algebra (2. ed.).},
	isbn = {978-0-521-82646-4}
}
@article{Gathen1984HenselAN,
	title={Hensel and Newton methods in valuation rings},
	author={Joachim von zur Gathen},
	journal={Mathematics of Computation},
	year={1984},
	volume={42},
	pages={637-661}
}
@book{knuthvol2,
	author = {Knuth, Donald E.},
	title = {The Art of Computer Programming, Volume 2 (3rd Ed.): Seminumerical Algorithms},
	year = {1997},
	isbn = {0201896842},
	publisher = {Addison-Wesley Longman Publishing Co., Inc.},
	address = {USA}
}
@article{barlelargefield,
	ISSN = {00255718, 10886842},
	URL = {http://www.jstor.org/stable/2004849},
	author = {E. R. Berlekamp},
	journal = {Mathematics of Computation},
	number = {111},
	pages = {713--735},
	publisher = {American Mathematical Society},
	title = {Factoring Polynomials Over Large Finite Fields},
	urldate = {2023-06-09},
	volume = {24},
	year = {1970}
}
@article{Mignotte1974AnIA,
	title={An inequality about factors of polynomials},
	author={Maurice Mignotte},
	journal={Mathematics of Computation},
	year={1974},
	volume={28},
	pages={1153-1157}
}
@article{Zassenhaus1969OnHF,
	title={On Hensel factorization, I},
	author={Hans Zassenhaus},
	journal={Journal of Number Theory},
	year={1969},
	volume={1},
	pages={291-311}
}
@article{lllalgo,
	author = {Lenstra, Arjen and Lenstra, H. and László, Lovász},
	year = {1982},
	month = {12},
	pages = {},
	title = {Factoring Polynomials with Rational Coefficients},
	volume = {261},
	journal = {Mathematische Annalen},
	doi = {10.1007/BF01457454}
}
@inproceedings{svpnph,
	author = {Ajtai, Mikl\'{o}s},
	title = {The Shortest Vector Problem in L2 is NP-Hard for Randomized Reductions (Extended Abstract)},
	year = {1998},
	isbn = {0897919629},
	publisher = {Association for Computing Machinery},
	address = {New York, NY, USA},
	url = {https://doi.org/10.1145/276698.276705},
	doi = {10.1145/276698.276705},
	booktitle = {Proceedings of the Thirtieth Annual ACM Symposium on Theory of Computing},
	pages = {10–19},
	numpages = {10},
	location = {Dallas, Texas, USA},
	series = {STOC '98}
}
@article{svpconstap,
	author = {Micciancio, D.},
	year = {2001},
	month = {01},
	pages = {},
	title = {The shortest vector problem is NP-hard to approximate to within some constant},
	volume = {30},
	journal = {Siam Journal on Computing - SIAMCOMP},
	doi = {10.1137/S0097539700373039}
}
@article{Kaltofen2020PolynomialF1,
	title={Polynomial Factorization 1982–1986},
	author={Erich L. Kaltofen},
	journal={Computers in Mathematics},
	year={2020}
}
@inbook{kalsurvey,
	author = {Kaltofen, Erich},
	year = {2006},
	month = {04},
	pages = {294-313},
	title = {Polynomial factorization 1987–1991},
	isbn = {3-540-55284-7},
	doi = {10.1007/BFb0023837}
}
@article{forbessurvey,
	author       = {Michael A. Forbes and
	Amir Shpilka},
	title        = {Complexity Theory Column 88: Challenges in Polynomial Factorization1},
	journal      = {{SIGACT} News},
	volume       = {46},
	number       = {4},
	pages        = {32--49},
	year         = {2015},
	url          = {https://doi.org/10.1145/2852040.2852051},
	doi          = {10.1145/2852040.2852051},
	timestamp    = {Tue, 30 May 2023 12:44:15 +0200},
	biburl       = {https://dblp.org/rec/journals/sigact/ForbesS15.bib},
	bibsource    = {dblp computer science bibliography, https://dblp.org}
}
@inproceedings{reedsol,
	author = {Guruswami, Venkatesan},
	year = {1998},
	month = {12},
	pages = {28-37},
	title = {Improved decoding of Reed-Solomon and algebraic-geometric codes},
	volume = {45},
	isbn = {0-8186-9172-7},
	journal = {IEEE Transactions on Information Theory - TIT},
	doi = {10.1109/SFCS.1998.743426}
}
@article{sudreedsol,
	author = {Sudan, Madhu},
	title = {Decoding of Reed Solomon Codes beyond the Error-Correction Bound},
	year = {1997},
	issue_date = {March 1997},
	publisher = {Academic Press, Inc.},
	address = {USA},
	volume = {13},
	number = {1},
	issn = {0885-064X},
	url = {https://doi.org/10.1006/jcom.1997.0439},
	doi = {10.1006/jcom.1997.0439},
	journal = {J. Complex.},
	month = {mar},
	pages = {180–193},
	numpages = {14}
}


@inproceedings{numsieve,
	author = {Lenstra, Arjen and Lenstra, Hendrik and Manasse, Mark and Pollard, John},
	year = {1990},
	month = {01},
	pages = {564-572},
	title = {The Number Field Sieve},
	doi = {10.1145/100216.100295}
}
@article{grobnerbaspolyideL,
	author = {Gianni, Patrizia and Trager, Barry and Zacharias, Gail},
	title = {Gr\"{o}Bner Bases and Primary Decomposition of Polynomial Ideals},
	year = {1988},
	issue_date = {Oct./Dec. 1988},
	publisher = {Academic Press, Inc.},
	address = {USA},
	volume = {6},
	number = {2–3},
	issn = {0747-7171},
	url = {https://doi.org/10.1016/S0747-7171(88)80040-3},
	doi = {10.1016/S0747-7171(88)80040-3},
	journal = {J. Symb. Comput.},
	month = {dec},
	pages = {149–167},
	numpages = {19}
}
@article{Kayal2006ComplexityOR,
	title={Complexity of Ring Morphism Problems},
	author={Neeraj Kayal and Nitin Saxena},
	journal={computational complexity},
	year={2006},
	volume={15},
	pages={342-390}
}
@article{grhfactpoly,
	author       = {G{\'{a}}bor Ivanyos and
	Marek Karpinski and
	Lajos R{\'{o}}nyai and
	Nitin Saxena},
	title        = {Trading {GRH} for algebra: algorithms for factoring polynomials and
	related structures},
	journal      = {CoRR},
	volume       = {abs/0811.3165},
	year         = {2008},
	url          = {http://arxiv.org/abs/0811.3165},
	eprinttype    = {arXiv},
	eprint       = {0811.3165},
	timestamp    = {Mon, 13 Aug 2018 16:48:17 +0200},
	biburl       = {https://dblp.org/rec/journals/corr/abs-0811-3165.bib},
	bibsource    = {dblp computer science bibliography, https://dblp.org}
}